%YAML 1.1
%TAG !u! tag:unity3d.com,2011:
--- !u!29 &1
OcclusionCullingSettings:
  m_ObjectHideFlags: 0
  serializedVersion: 2
  m_OcclusionBakeSettings:
    smallestOccluder: 5
    smallestHole: 0.25
    backfaceThreshold: 100
  m_SceneGUID: 00000000000000000000000000000000
  m_OcclusionCullingData: {fileID: 0}
--- !u!104 &2
RenderSettings:
  m_ObjectHideFlags: 0
  serializedVersion: 9
  m_Fog: 0
  m_FogColor: {r: 0.5, g: 0.5, b: 0.5, a: 1}
  m_FogMode: 3
  m_FogDensity: 0.01
  m_LinearFogStart: 0
  m_LinearFogEnd: 300
  m_AmbientSkyColor: {r: 0.212, g: 0.227, b: 0.259, a: 1}
  m_AmbientEquatorColor: {r: 0.114, g: 0.125, b: 0.133, a: 1}
  m_AmbientGroundColor: {r: 0.047, g: 0.043, b: 0.035, a: 1}
  m_AmbientIntensity: 1
  m_AmbientMode: 0
  m_SubtractiveShadowColor: {r: 0.42, g: 0.478, b: 0.627, a: 1}
  m_SkyboxMaterial: {fileID: 2100000, guid: 2950ae801c66de0408503f5022200995, type: 2}
  m_HaloStrength: 0.5
  m_FlareStrength: 1
  m_FlareFadeSpeed: 3
  m_HaloTexture: {fileID: 0}
  m_SpotCookie: {fileID: 10001, guid: 0000000000000000e000000000000000, type: 0}
  m_DefaultReflectionMode: 0
  m_DefaultReflectionResolution: 128
  m_ReflectionBounces: 1
  m_ReflectionIntensity: 1
  m_CustomReflection: {fileID: 0}
  m_Sun: {fileID: 0}
  m_IndirectSpecularColor: {r: 0, g: 0, b: 0, a: 1}
  m_UseRadianceAmbientProbe: 0
--- !u!157 &3
LightmapSettings:
  m_ObjectHideFlags: 0
  serializedVersion: 11
  m_GIWorkflowMode: 0
  m_GISettings:
    serializedVersion: 2
    m_BounceScale: 1
    m_IndirectOutputScale: 1
    m_AlbedoBoost: 1
    m_EnvironmentLightingMode: 0
    m_EnableBakedLightmaps: 1
    m_EnableRealtimeLightmaps: 1
  m_LightmapEditorSettings:
    serializedVersion: 10
    m_Resolution: 2
    m_BakeResolution: 40
    m_AtlasSize: 1024
    m_AO: 0
    m_AOMaxDistance: 1
    m_CompAOExponent: 1
    m_CompAOExponentDirect: 0
    m_Padding: 2
    m_LightmapParameters: {fileID: 0}
    m_LightmapsBakeMode: 1
    m_TextureCompression: 1
    m_FinalGather: 0
    m_FinalGatherFiltering: 1
    m_FinalGatherRayCount: 256
    m_ReflectionCompression: 2
    m_MixedBakeMode: 2
    m_BakeBackend: 1
    m_PVRSampling: 1
    m_PVRDirectSampleCount: 32
    m_PVRSampleCount: 500
    m_PVRBounces: 2
    m_PVRFilterTypeDirect: 0
    m_PVRFilterTypeIndirect: 0
    m_PVRFilterTypeAO: 0
    m_PVRFilteringMode: 1
    m_PVRCulling: 1
    m_PVRFilteringGaussRadiusDirect: 1
    m_PVRFilteringGaussRadiusIndirect: 5
    m_PVRFilteringGaussRadiusAO: 2
    m_PVRFilteringAtrousPositionSigmaDirect: 0.5
    m_PVRFilteringAtrousPositionSigmaIndirect: 2
    m_PVRFilteringAtrousPositionSigmaAO: 1
    m_ShowResolutionOverlay: 1
  m_LightingDataAsset: {fileID: 0}
  m_UseShadowmask: 1
--- !u!196 &4
NavMeshSettings:
  serializedVersion: 2
  m_ObjectHideFlags: 0
  m_BuildSettings:
    serializedVersion: 2
    agentTypeID: 0
    agentRadius: 0.5
    agentHeight: 2
    agentSlope: 45
    agentClimb: 0.4
    ledgeDropHeight: 0
    maxJumpAcrossDistance: 0
    minRegionArea: 2
    manualCellSize: 0
    cellSize: 0.16666667
    manualTileSize: 0
    tileSize: 256
    accuratePlacement: 0
    debug:
      m_Flags: 0
  m_NavMeshData: {fileID: 0}
--- !u!1 &19556121
GameObject:
  m_ObjectHideFlags: 0
  m_CorrespondingSourceObject: {fileID: 0}
  m_PrefabInstance: {fileID: 0}
  m_PrefabAsset: {fileID: 0}
  serializedVersion: 6
  m_Component:
  - component: {fileID: 19556122}
  - component: {fileID: 19556124}
  - component: {fileID: 19556123}
  m_Layer: 0
  m_Name: CenterEyeAnchor
  m_TagString: MainCamera
  m_Icon: {fileID: 0}
  m_NavMeshLayer: 0
  m_StaticEditorFlags: 0
  m_IsActive: 1
--- !u!4 &19556122
Transform:
  m_ObjectHideFlags: 0
  m_CorrespondingSourceObject: {fileID: 0}
  m_PrefabInstance: {fileID: 0}
  m_PrefabAsset: {fileID: 0}
  m_GameObject: {fileID: 19556121}
  m_LocalRotation: {x: 0, y: 0, z: 0, w: 1}
  m_LocalPosition: {x: 0, y: 0, z: 0}
  m_LocalScale: {x: 1, y: 1, z: 1}
  m_Children: []
  m_Father: {fileID: 527753294}
  m_RootOrder: 1
  m_LocalEulerAnglesHint: {x: 0, y: 0, z: 0}
--- !u!20 &19556123
Camera:
  m_ObjectHideFlags: 0
  m_CorrespondingSourceObject: {fileID: 0}
  m_PrefabInstance: {fileID: 0}
  m_PrefabAsset: {fileID: 0}
  m_GameObject: {fileID: 19556121}
  m_Enabled: 1
  serializedVersion: 2
  m_ClearFlags: 1
  m_BackGroundColor: {r: 0.19215687, g: 0.3019608, b: 0.4745098, a: 0.019607844}
  m_projectionMatrixMode: 1
  m_SensorSize: {x: 36, y: 24}
  m_LensShift: {x: 0, y: 0}
  m_GateFitMode: 2
  m_FocalLength: 50
  m_NormalizedViewPortRect:
    serializedVersion: 2
    x: 0
    y: 0
    width: 1
    height: 1
  near clip plane: 0.1
  far clip plane: 1000
  field of view: 90
  orthographic: 0
  orthographic size: 5
  m_Depth: 0
  m_CullingMask:
    serializedVersion: 2
    m_Bits: 4294967295
  m_RenderingPath: -1
  m_TargetTexture: {fileID: 0}
  m_TargetDisplay: 0
  m_TargetEye: 3
  m_HDR: 0
  m_AllowMSAA: 1
  m_AllowDynamicResolution: 0
  m_ForceIntoRT: 0
  m_OcclusionCulling: 1
  m_StereoConvergence: 10
  m_StereoSeparation: 0.022
--- !u!81 &19556124
AudioListener:
  m_ObjectHideFlags: 0
  m_CorrespondingSourceObject: {fileID: 0}
  m_PrefabInstance: {fileID: 0}
  m_PrefabAsset: {fileID: 0}
  m_GameObject: {fileID: 19556121}
  m_Enabled: 1
--- !u!1001 &60505177
PrefabInstance:
  m_ObjectHideFlags: 0
  serializedVersion: 2
  m_Modification:
    m_TransformParent: {fileID: 0}
    m_Modifications:
    - target: {fileID: 1000011090733362, guid: f449e3a1a842a5d41ba6c1d24b2b4c63, type: 3}
      propertyPath: m_Name
      value: Stock_Style_Virtual
      objectReference: {fileID: 0}
    - target: {fileID: 224000012779690920, guid: f449e3a1a842a5d41ba6c1d24b2b4c63,
        type: 3}
      propertyPath: m_LocalPosition.x
      value: 0
      objectReference: {fileID: 0}
    - target: {fileID: 224000012779690920, guid: f449e3a1a842a5d41ba6c1d24b2b4c63,
        type: 3}
      propertyPath: m_LocalPosition.y
      value: 0
      objectReference: {fileID: 0}
    - target: {fileID: 224000012779690920, guid: f449e3a1a842a5d41ba6c1d24b2b4c63,
        type: 3}
      propertyPath: m_LocalPosition.z
      value: 31
      objectReference: {fileID: 0}
    - target: {fileID: 224000012779690920, guid: f449e3a1a842a5d41ba6c1d24b2b4c63,
        type: 3}
      propertyPath: m_LocalRotation.x
      value: 0
      objectReference: {fileID: 0}
    - target: {fileID: 224000012779690920, guid: f449e3a1a842a5d41ba6c1d24b2b4c63,
        type: 3}
      propertyPath: m_LocalRotation.y
      value: 0
      objectReference: {fileID: 0}
    - target: {fileID: 224000012779690920, guid: f449e3a1a842a5d41ba6c1d24b2b4c63,
        type: 3}
      propertyPath: m_LocalRotation.z
      value: 0
      objectReference: {fileID: 0}
    - target: {fileID: 224000012779690920, guid: f449e3a1a842a5d41ba6c1d24b2b4c63,
        type: 3}
      propertyPath: m_LocalRotation.w
      value: 1
      objectReference: {fileID: 0}
    - target: {fileID: 224000012779690920, guid: f449e3a1a842a5d41ba6c1d24b2b4c63,
        type: 3}
      propertyPath: m_RootOrder
      value: 4
      objectReference: {fileID: 0}
    - target: {fileID: 224000012779690920, guid: f449e3a1a842a5d41ba6c1d24b2b4c63,
        type: 3}
      propertyPath: m_LocalEulerAnglesHint.x
      value: 0
      objectReference: {fileID: 0}
    - target: {fileID: 224000012779690920, guid: f449e3a1a842a5d41ba6c1d24b2b4c63,
        type: 3}
      propertyPath: m_LocalEulerAnglesHint.y
      value: 0
      objectReference: {fileID: 0}
    - target: {fileID: 224000012779690920, guid: f449e3a1a842a5d41ba6c1d24b2b4c63,
        type: 3}
      propertyPath: m_LocalEulerAnglesHint.z
      value: 0
      objectReference: {fileID: 0}
    - target: {fileID: 224000012779690920, guid: f449e3a1a842a5d41ba6c1d24b2b4c63,
        type: 3}
      propertyPath: m_AnchoredPosition.x
      value: 608
      objectReference: {fileID: 0}
    - target: {fileID: 224000012779690920, guid: f449e3a1a842a5d41ba6c1d24b2b4c63,
        type: 3}
      propertyPath: m_AnchoredPosition.y
      value: 268
      objectReference: {fileID: 0}
    - target: {fileID: 224000012779690920, guid: f449e3a1a842a5d41ba6c1d24b2b4c63,
        type: 3}
      propertyPath: m_SizeDelta.x
      value: 800
      objectReference: {fileID: 0}
    - target: {fileID: 224000012779690920, guid: f449e3a1a842a5d41ba6c1d24b2b4c63,
        type: 3}
      propertyPath: m_SizeDelta.y
      value: 383.54202
      objectReference: {fileID: 0}
    - target: {fileID: 224000012779690920, guid: f449e3a1a842a5d41ba6c1d24b2b4c63,
        type: 3}
      propertyPath: m_AnchorMin.x
      value: 0
      objectReference: {fileID: 0}
    - target: {fileID: 224000012779690920, guid: f449e3a1a842a5d41ba6c1d24b2b4c63,
        type: 3}
      propertyPath: m_AnchorMin.y
      value: 0
      objectReference: {fileID: 0}
    - target: {fileID: 224000012779690920, guid: f449e3a1a842a5d41ba6c1d24b2b4c63,
        type: 3}
      propertyPath: m_AnchorMax.x
      value: 0
      objectReference: {fileID: 0}
    - target: {fileID: 224000012779690920, guid: f449e3a1a842a5d41ba6c1d24b2b4c63,
        type: 3}
      propertyPath: m_AnchorMax.y
      value: 0
      objectReference: {fileID: 0}
    - target: {fileID: 224000012779690920, guid: f449e3a1a842a5d41ba6c1d24b2b4c63,
        type: 3}
      propertyPath: m_Pivot.x
      value: 0.5
      objectReference: {fileID: 0}
    - target: {fileID: 224000012779690920, guid: f449e3a1a842a5d41ba6c1d24b2b4c63,
        type: 3}
      propertyPath: m_Pivot.y
      value: 0.5
      objectReference: {fileID: 0}
    - target: {fileID: 223000013196625522, guid: f449e3a1a842a5d41ba6c1d24b2b4c63,
        type: 3}
      propertyPath: m_Camera
      value: 
      objectReference: {fileID: 1811647378}
    - target: {fileID: 224000011568068078, guid: f449e3a1a842a5d41ba6c1d24b2b4c63,
        type: 3}
      propertyPath: m_AnchorMin.y
      value: 0
      objectReference: {fileID: 0}
    - target: {fileID: 224000011568068078, guid: f449e3a1a842a5d41ba6c1d24b2b4c63,
        type: 3}
      propertyPath: m_AnchorMax.y
      value: 0
      objectReference: {fileID: 0}
    - target: {fileID: 224000011568068078, guid: f449e3a1a842a5d41ba6c1d24b2b4c63,
        type: 3}
      propertyPath: m_AnchoredPosition.x
      value: 0
      objectReference: {fileID: 0}
    - target: {fileID: 224000011568068078, guid: f449e3a1a842a5d41ba6c1d24b2b4c63,
        type: 3}
      propertyPath: m_AnchoredPosition.y
      value: 0
      objectReference: {fileID: 0}
    - target: {fileID: 224345905486140142, guid: f449e3a1a842a5d41ba6c1d24b2b4c63,
        type: 3}
      propertyPath: m_AnchorMin.y
      value: 0
      objectReference: {fileID: 0}
    - target: {fileID: 224345905486140142, guid: f449e3a1a842a5d41ba6c1d24b2b4c63,
        type: 3}
      propertyPath: m_AnchorMax.y
      value: 0
      objectReference: {fileID: 0}
    - target: {fileID: 224345905486140142, guid: f449e3a1a842a5d41ba6c1d24b2b4c63,
        type: 3}
      propertyPath: m_AnchoredPosition.x
      value: 0
      objectReference: {fileID: 0}
    - target: {fileID: 224345905486140142, guid: f449e3a1a842a5d41ba6c1d24b2b4c63,
        type: 3}
      propertyPath: m_AnchoredPosition.y
      value: 0
      objectReference: {fileID: 0}
    - target: {fileID: 224014746505535382, guid: f449e3a1a842a5d41ba6c1d24b2b4c63,
        type: 3}
      propertyPath: m_AnchorMin.y
      value: 0
      objectReference: {fileID: 0}
    - target: {fileID: 224014746505535382, guid: f449e3a1a842a5d41ba6c1d24b2b4c63,
        type: 3}
      propertyPath: m_AnchorMax.y
      value: 0
      objectReference: {fileID: 0}
    - target: {fileID: 224014746505535382, guid: f449e3a1a842a5d41ba6c1d24b2b4c63,
        type: 3}
      propertyPath: m_AnchoredPosition.x
      value: 0
      objectReference: {fileID: 0}
    - target: {fileID: 224014746505535382, guid: f449e3a1a842a5d41ba6c1d24b2b4c63,
        type: 3}
      propertyPath: m_AnchoredPosition.y
      value: 0
      objectReference: {fileID: 0}
    - target: {fileID: 224207866573182028, guid: f449e3a1a842a5d41ba6c1d24b2b4c63,
        type: 3}
      propertyPath: m_AnchorMin.y
      value: 0
      objectReference: {fileID: 0}
    - target: {fileID: 224207866573182028, guid: f449e3a1a842a5d41ba6c1d24b2b4c63,
        type: 3}
      propertyPath: m_AnchorMax.y
      value: 0
      objectReference: {fileID: 0}
    - target: {fileID: 224207866573182028, guid: f449e3a1a842a5d41ba6c1d24b2b4c63,
        type: 3}
      propertyPath: m_AnchoredPosition.x
      value: 0
      objectReference: {fileID: 0}
    - target: {fileID: 224207866573182028, guid: f449e3a1a842a5d41ba6c1d24b2b4c63,
        type: 3}
      propertyPath: m_AnchoredPosition.y
      value: 0
      objectReference: {fileID: 0}
    - target: {fileID: 114000010766151846, guid: f449e3a1a842a5d41ba6c1d24b2b4c63,
        type: 3}
      propertyPath: imageTimerValue
      value: 3.5
      objectReference: {fileID: 0}
    - target: {fileID: 114000010766151846, guid: f449e3a1a842a5d41ba6c1d24b2b4c63,
        type: 3}
      propertyPath: hintTimerValue
      value: 3.5
      objectReference: {fileID: 0}
    - target: {fileID: 1735864299, guid: f449e3a1a842a5d41ba6c1d24b2b4c63, type: 3}
      propertyPath: m_OnClick.m_PersistentCalls.m_Calls.Array.size
      value: 2
      objectReference: {fileID: 0}
    - target: {fileID: 1735864299, guid: f449e3a1a842a5d41ba6c1d24b2b4c63, type: 3}
      propertyPath: m_OnClick.m_PersistentCalls.m_Calls.Array.data[1].m_Mode
      value: 1
      objectReference: {fileID: 0}
    - target: {fileID: 1735864299, guid: f449e3a1a842a5d41ba6c1d24b2b4c63, type: 3}
      propertyPath: m_OnClick.m_PersistentCalls.m_Calls.Array.data[1].m_CallState
      value: 2
      objectReference: {fileID: 0}
    - target: {fileID: 1735864299, guid: f449e3a1a842a5d41ba6c1d24b2b4c63, type: 3}
      propertyPath: m_OnClick.m_PersistentCalls.m_Calls.Array.data[1].m_Target
      value: 
      objectReference: {fileID: 60505179}
    - target: {fileID: 1735864299, guid: f449e3a1a842a5d41ba6c1d24b2b4c63, type: 3}
      propertyPath: m_OnClick.m_PersistentCalls.m_Calls.Array.data[1].m_MethodName
      value: Play
      objectReference: {fileID: 0}
    - target: {fileID: 1735864299, guid: f449e3a1a842a5d41ba6c1d24b2b4c63, type: 3}
      propertyPath: m_OnClick.m_PersistentCalls.m_Calls.Array.data[1].m_Arguments.m_ObjectArgumentAssemblyTypeName
      value: UnityEngine.Object, UnityEngine
      objectReference: {fileID: 0}
    m_RemovedComponents: []
  m_SourcePrefab: {fileID: 100100000, guid: f449e3a1a842a5d41ba6c1d24b2b4c63, type: 3}
--- !u!1 &60505178 stripped
GameObject:
  m_CorrespondingSourceObject: {fileID: 1735864297, guid: f449e3a1a842a5d41ba6c1d24b2b4c63,
    type: 3}
  m_PrefabInstance: {fileID: 60505177}
  m_PrefabAsset: {fileID: 0}
--- !u!82 &60505179
AudioSource:
  m_ObjectHideFlags: 0
  m_CorrespondingSourceObject: {fileID: 0}
  m_PrefabInstance: {fileID: 0}
  m_PrefabAsset: {fileID: 0}
  m_GameObject: {fileID: 60505178}
  m_Enabled: 1
  serializedVersion: 4
  OutputAudioMixerGroup: {fileID: 0}
  m_audioClip: {fileID: 8300000, guid: d6448b75394aea9448ddaf52c67c40a4, type: 3}
  m_PlayOnAwake: 1
  m_Volume: 1
  m_Pitch: 1
  Loop: 0
  Mute: 0
  Spatialize: 0
  SpatializePostEffects: 0
  Priority: 128
  DopplerLevel: 1
  MinDistance: 1
  MaxDistance: 500
  Pan2D: 0
  rolloffMode: 0
  BypassEffects: 0
  BypassListenerEffects: 0
  BypassReverbZones: 0
  rolloffCustomCurve:
    serializedVersion: 2
    m_Curve:
    - serializedVersion: 3
      time: 0
      value: 1
      inSlope: 0
      outSlope: 0
      tangentMode: 0
      weightedMode: 0
      inWeight: 0.33333334
      outWeight: 0.33333334
    - serializedVersion: 3
      time: 1
      value: 0
      inSlope: 0
      outSlope: 0
      tangentMode: 0
      weightedMode: 0
      inWeight: 0.33333334
      outWeight: 0.33333334
    m_PreInfinity: 2
    m_PostInfinity: 2
    m_RotationOrder: 4
  panLevelCustomCurve:
    serializedVersion: 2
    m_Curve:
    - serializedVersion: 3
      time: 0
      value: 0
      inSlope: 0
      outSlope: 0
      tangentMode: 0
      weightedMode: 0
      inWeight: 0.33333334
      outWeight: 0.33333334
    m_PreInfinity: 2
    m_PostInfinity: 2
    m_RotationOrder: 4
  spreadCustomCurve:
    serializedVersion: 2
    m_Curve:
    - serializedVersion: 3
      time: 0
      value: 0
      inSlope: 0
      outSlope: 0
      tangentMode: 0
      weightedMode: 0
      inWeight: 0.33333334
      outWeight: 0.33333334
    m_PreInfinity: 2
    m_PostInfinity: 2
    m_RotationOrder: 4
  reverbZoneMixCustomCurve:
    serializedVersion: 2
    m_Curve:
    - serializedVersion: 3
      time: 0
      value: 1
      inSlope: 0
      outSlope: 0
      tangentMode: 0
      weightedMode: 0
      inWeight: 0.33333334
      outWeight: 0.33333334
    m_PreInfinity: 2
    m_PostInfinity: 2
    m_RotationOrder: 4
--- !u!1 &148936312
GameObject:
  m_ObjectHideFlags: 0
  m_CorrespondingSourceObject: {fileID: 0}
  m_PrefabInstance: {fileID: 0}
  m_PrefabAsset: {fileID: 0}
  serializedVersion: 6
  m_Component:
  - component: {fileID: 148936313}
  m_Layer: 0
  m_Name: TrackerAnchor
  m_TagString: Untagged
  m_Icon: {fileID: 0}
  m_NavMeshLayer: 0
  m_StaticEditorFlags: 0
  m_IsActive: 1
--- !u!4 &148936313
Transform:
  m_ObjectHideFlags: 0
  m_CorrespondingSourceObject: {fileID: 0}
  m_PrefabInstance: {fileID: 0}
  m_PrefabAsset: {fileID: 0}
  m_GameObject: {fileID: 148936312}
  m_LocalRotation: {x: 0, y: 0, z: 0, w: 1}
  m_LocalPosition: {x: 0, y: 0, z: 0}
  m_LocalScale: {x: 1, y: 1, z: 1}
  m_Children: []
  m_Father: {fileID: 527753294}
  m_RootOrder: 3
  m_LocalEulerAnglesHint: {x: 0, y: 0, z: 0}
--- !u!1 &259257572
GameObject:
  m_ObjectHideFlags: 0
  m_CorrespondingSourceObject: {fileID: 0}
  m_PrefabInstance: {fileID: 0}
  m_PrefabAsset: {fileID: 0}
  serializedVersion: 6
  m_Component:
  - component: {fileID: 259257575}
  - component: {fileID: 259257574}
  - component: {fileID: 259257573}
  m_Layer: 0
  m_Name: EventSystem
  m_TagString: Untagged
  m_Icon: {fileID: 0}
  m_NavMeshLayer: 0
  m_StaticEditorFlags: 0
  m_IsActive: 1
--- !u!114 &259257573
MonoBehaviour:
  m_ObjectHideFlags: 0
  m_CorrespondingSourceObject: {fileID: 0}
  m_PrefabInstance: {fileID: 0}
  m_PrefabAsset: {fileID: 0}
  m_GameObject: {fileID: 259257572}
  m_Enabled: 1
  m_EditorHideFlags: 0
  m_Script: {fileID: 11500000, guid: 8f1a9a1d119a5944aacfb87d1ec283a2, type: 3}
  m_Name: 
  m_EditorClassIdentifier: 
  rayTransform: {fileID: 1430626245}
  m_Cursor: {fileID: 352126284}
  joyPadClickButton: 1
  gazeClickKey: 32
  performSphereCastForGazepointer: 0
  useRightStickScroll: 1
  rightStickDeadZone: 0.15
  useSwipeScroll: 1
  swipeDragThreshold: 2
  swipeDragScale: 1
  InvertSwipeXAxis: 0
  angleDragThreshold: 1
  m_SpherecastRadius: 1
  m_HorizontalAxis: Horizontal
  m_VerticalAxis: Vertical
  m_SubmitButton: Submit
  m_CancelButton: Cancel
  m_InputActionsPerSecond: 10
  m_AllowActivationOnMobileDevice: 1
--- !u!114 &259257574
MonoBehaviour:
  m_ObjectHideFlags: 0
  m_CorrespondingSourceObject: {fileID: 0}
  m_PrefabInstance: {fileID: 0}
  m_PrefabAsset: {fileID: 0}
  m_GameObject: {fileID: 259257572}
  m_Enabled: 1
  m_EditorHideFlags: 0
  m_Script: {fileID: -619905303, guid: f70555f144d8491a825f0804e09c671c, type: 3}
  m_Name: 
  m_EditorClassIdentifier: 
  m_FirstSelected: {fileID: 0}
  m_sendNavigationEvents: 1
  m_DragThreshold: 10
--- !u!4 &259257575
Transform:
  m_ObjectHideFlags: 0
  m_CorrespondingSourceObject: {fileID: 0}
  m_PrefabInstance: {fileID: 0}
  m_PrefabAsset: {fileID: 0}
  m_GameObject: {fileID: 259257572}
  m_LocalRotation: {x: 0, y: 0, z: 0, w: 1}
  m_LocalPosition: {x: 0, y: 0, z: 0}
  m_LocalScale: {x: 1, y: 1, z: 1}
  m_Children: []
  m_Father: {fileID: 0}
  m_RootOrder: 6
  m_LocalEulerAnglesHint: {x: 0, y: 0, z: 0}
--- !u!1 &352126283
GameObject:
  m_ObjectHideFlags: 0
  m_CorrespondingSourceObject: {fileID: 0}
  m_PrefabInstance: {fileID: 0}
  m_PrefabAsset: {fileID: 0}
  serializedVersion: 6
  m_Component:
  - component: {fileID: 352126285}
  - component: {fileID: 352126284}
  m_Layer: 0
  m_Name: OVRGazePointer
  m_TagString: Untagged
  m_Icon: {fileID: 0}
  m_NavMeshLayer: 0
  m_StaticEditorFlags: 0
  m_IsActive: 1
--- !u!114 &352126284
MonoBehaviour:
  m_ObjectHideFlags: 0
  m_CorrespondingSourceObject: {fileID: 0}
  m_PrefabInstance: {fileID: 0}
  m_PrefabAsset: {fileID: 0}
  m_GameObject: {fileID: 352126283}
  m_Enabled: 1
  m_EditorHideFlags: 0
  m_Script: {fileID: 11500000, guid: 30530ad0e40d0a64ea26d753ee4996ea, type: 3}
  m_Name: 
  m_EditorClassIdentifier: 
  hideByDefault: 1
  showTimeoutPeriod: 1
  hideTimeoutPeriod: 0.1
  dimOnHideRequest: 1
  depthScaleMultiplier: 0.03
  matchNormalOnPhysicsColliders: 0
  rayTransform: {fileID: 1430626245}
--- !u!4 &352126285
Transform:
  m_ObjectHideFlags: 0
  m_CorrespondingSourceObject: {fileID: 0}
  m_PrefabInstance: {fileID: 0}
  m_PrefabAsset: {fileID: 0}
  m_GameObject: {fileID: 352126283}
  m_LocalRotation: {x: 0, y: 0, z: 0, w: 1}
  m_LocalPosition: {x: 637, y: 252, z: -469}
  m_LocalScale: {x: 1, y: 1, z: 1}
  m_Children:
  - {fileID: 1137331217}
  m_Father: {fileID: 0}
  m_RootOrder: 2
  m_LocalEulerAnglesHint: {x: 0, y: 0, z: 0}
--- !u!1 &362132793
GameObject:
  m_ObjectHideFlags: 0
  m_CorrespondingSourceObject: {fileID: 0}
  m_PrefabInstance: {fileID: 0}
  m_PrefabAsset: {fileID: 0}
  serializedVersion: 6
  m_Component:
  - component: {fileID: 362132796}
  - component: {fileID: 362132795}
  - component: {fileID: 362132794}
  m_Layer: 0
  m_Name: Looader Manager(Clone)
  m_TagString: Untagged
  m_Icon: {fileID: 0}
  m_NavMeshLayer: 0
  m_StaticEditorFlags: 0
  m_IsActive: 0
--- !u!114 &362132794
MonoBehaviour:
  m_ObjectHideFlags: 0
  m_CorrespondingSourceObject: {fileID: 0}
  m_PrefabInstance: {fileID: 0}
  m_PrefabAsset: {fileID: 0}
  m_GameObject: {fileID: 362132793}
  m_Enabled: 1
  m_EditorHideFlags: 0
  m_Script: {fileID: 11500000, guid: 5212cac491c154444a057e678c2f9185, type: 3}
  m_Name: 
  m_EditorClassIdentifier: 
--- !u!114 &362132795
MonoBehaviour:
  m_ObjectHideFlags: 0
  m_CorrespondingSourceObject: {fileID: 0}
  m_PrefabInstance: {fileID: 0}
  m_PrefabAsset: {fileID: 0}
  m_GameObject: {fileID: 362132793}
  m_Enabled: 1
  m_EditorHideFlags: 0
  m_Script: {fileID: 11500000, guid: 8ff7dadab9aa4bf4690e9525979cd126, type: 3}
  m_Name: 
  m_EditorClassIdentifier: 
--- !u!4 &362132796
Transform:
  m_ObjectHideFlags: 0
  m_CorrespondingSourceObject: {fileID: 0}
  m_PrefabInstance: {fileID: 0}
  m_PrefabAsset: {fileID: 0}
  m_GameObject: {fileID: 362132793}
  m_LocalRotation: {x: 0, y: 0, z: 0, w: 1}
  m_LocalPosition: {x: 0, y: 0, z: 0}
  m_LocalScale: {x: 1, y: 1, z: 1}
  m_Children: []
  m_Father: {fileID: 0}
  m_RootOrder: 1
  m_LocalEulerAnglesHint: {x: 0, y: 0, z: 0}
--- !u!1 &392663909
GameObject:
  m_ObjectHideFlags: 0
  m_CorrespondingSourceObject: {fileID: 0}
  m_PrefabInstance: {fileID: 0}
  m_PrefabAsset: {fileID: 0}
  serializedVersion: 6
  m_Component:
  - component: {fileID: 392663910}
  m_Layer: 0
  m_Name: RightControllerAnchor
  m_TagString: Untagged
  m_Icon: {fileID: 0}
  m_NavMeshLayer: 0
  m_StaticEditorFlags: 0
  m_IsActive: 1
--- !u!4 &392663910
Transform:
  m_ObjectHideFlags: 0
  m_CorrespondingSourceObject: {fileID: 0}
  m_PrefabInstance: {fileID: 0}
  m_PrefabAsset: {fileID: 0}
  m_GameObject: {fileID: 392663909}
  m_LocalRotation: {x: 0, y: 0, z: 0, w: 1}
  m_LocalPosition: {x: 0, y: 0, z: 0}
  m_LocalScale: {x: 1, y: 1, z: 1}
  m_Children:
  - {fileID: 1162764121}
  m_Father: {fileID: 1430626245}
  m_RootOrder: 0
  m_LocalEulerAnglesHint: {x: 0, y: 0, z: 0}
--- !u!1 &419698427
GameObject:
  m_ObjectHideFlags: 0
  m_CorrespondingSourceObject: {fileID: 0}
  m_PrefabInstance: {fileID: 0}
  m_PrefabAsset: {fileID: 0}
  serializedVersion: 6
  m_Component:
  - component: {fileID: 419698428}
  m_Layer: 0
  m_Name: LeftHandAnchor
  m_TagString: Untagged
  m_Icon: {fileID: 0}
  m_NavMeshLayer: 0
  m_StaticEditorFlags: 0
  m_IsActive: 1
--- !u!4 &419698428
Transform:
  m_ObjectHideFlags: 0
  m_CorrespondingSourceObject: {fileID: 0}
  m_PrefabInstance: {fileID: 0}
  m_PrefabAsset: {fileID: 0}
  m_GameObject: {fileID: 419698427}
  m_LocalRotation: {x: 0, y: 0, z: 0, w: 1}
  m_LocalPosition: {x: 0, y: 0, z: 0}
  m_LocalScale: {x: 1, y: 1, z: 1}
  m_Children:
  - {fileID: 932543698}
  m_Father: {fileID: 527753294}
  m_RootOrder: 4
  m_LocalEulerAnglesHint: {x: 0, y: 0, z: 0}
--- !u!1 &527753293
GameObject:
  m_ObjectHideFlags: 0
  m_CorrespondingSourceObject: {fileID: 0}
  m_PrefabInstance: {fileID: 0}
  m_PrefabAsset: {fileID: 0}
  serializedVersion: 6
  m_Component:
  - component: {fileID: 527753294}
  m_Layer: 0
  m_Name: TrackingSpace
  m_TagString: Untagged
  m_Icon: {fileID: 0}
  m_NavMeshLayer: 0
  m_StaticEditorFlags: 0
  m_IsActive: 1
--- !u!4 &527753294
Transform:
  m_ObjectHideFlags: 0
  m_CorrespondingSourceObject: {fileID: 0}
  m_PrefabInstance: {fileID: 0}
  m_PrefabAsset: {fileID: 0}
  m_GameObject: {fileID: 527753293}
  m_LocalRotation: {x: 0, y: 0, z: 0, w: 1}
  m_LocalPosition: {x: 0, y: 0, z: 0}
  m_LocalScale: {x: 1, y: 1, z: 1}
  m_Children:
  - {fileID: 1811647377}
  - {fileID: 19556122}
  - {fileID: 1627917704}
  - {fileID: 148936313}
  - {fileID: 419698428}
  - {fileID: 1430626245}
  m_Father: {fileID: 1288156958}
  m_RootOrder: 0
  m_LocalEulerAnglesHint: {x: 0, y: 0, z: 0}
--- !u!1 &932543697
GameObject:
  m_ObjectHideFlags: 0
  m_CorrespondingSourceObject: {fileID: 0}
  m_PrefabInstance: {fileID: 0}
  m_PrefabAsset: {fileID: 0}
  serializedVersion: 6
  m_Component:
  - component: {fileID: 932543698}
  m_Layer: 0
  m_Name: LeftControllerAnchor
  m_TagString: Untagged
  m_Icon: {fileID: 0}
  m_NavMeshLayer: 0
  m_StaticEditorFlags: 0
  m_IsActive: 1
--- !u!4 &932543698
Transform:
  m_ObjectHideFlags: 0
  m_CorrespondingSourceObject: {fileID: 0}
  m_PrefabInstance: {fileID: 0}
  m_PrefabAsset: {fileID: 0}
  m_GameObject: {fileID: 932543697}
  m_LocalRotation: {x: 0, y: 0, z: 0, w: 1}
  m_LocalPosition: {x: 0, y: 0, z: 0}
  m_LocalScale: {x: 1, y: 1, z: 1}
  m_Children: []
  m_Father: {fileID: 419698428}
  m_RootOrder: 0
  m_LocalEulerAnglesHint: {x: 0, y: 0, z: 0}
--- !u!1 &963100704
GameObject:
  m_ObjectHideFlags: 0
  m_CorrespondingSourceObject: {fileID: 0}
  m_PrefabInstance: {fileID: 0}
  m_PrefabAsset: {fileID: 0}
  serializedVersion: 6
  m_Component:
  - component: {fileID: 963100707}
  - component: {fileID: 963100706}
  - component: {fileID: 963100705}
  m_Layer: 0
  m_Name: Main Camera
  m_TagString: MainCamera
  m_Icon: {fileID: 0}
  m_NavMeshLayer: 0
  m_StaticEditorFlags: 0
  m_IsActive: 1
--- !u!81 &963100705
AudioListener:
  m_ObjectHideFlags: 0
  m_CorrespondingSourceObject: {fileID: 0}
  m_PrefabInstance: {fileID: 0}
  m_PrefabAsset: {fileID: 0}
  m_GameObject: {fileID: 963100704}
  m_Enabled: 1
--- !u!20 &963100706
Camera:
  m_ObjectHideFlags: 0
  m_CorrespondingSourceObject: {fileID: 0}
  m_PrefabInstance: {fileID: 0}
  m_PrefabAsset: {fileID: 0}
  m_GameObject: {fileID: 963100704}
  m_Enabled: 1
  serializedVersion: 2
  m_ClearFlags: 1
  m_BackGroundColor: {r: 0.19215687, g: 0.3019608, b: 0.4745098, a: 0}
  m_projectionMatrixMode: 1
  m_SensorSize: {x: 36, y: 24}
  m_LensShift: {x: 0, y: 0}
  m_GateFitMode: 2
  m_FocalLength: 50
  m_NormalizedViewPortRect:
    serializedVersion: 2
    x: 0
    y: 0
    width: 1
    height: 1
  near clip plane: 0.3
  far clip plane: 1000
  field of view: 60
  orthographic: 0
  orthographic size: 5
  m_Depth: -1
  m_CullingMask:
    serializedVersion: 2
    m_Bits: 4294967295
  m_RenderingPath: -1
  m_TargetTexture: {fileID: 0}
  m_TargetDisplay: 0
  m_TargetEye: 3
  m_HDR: 1
  m_AllowMSAA: 1
  m_AllowDynamicResolution: 0
  m_ForceIntoRT: 0
  m_OcclusionCulling: 1
  m_StereoConvergence: 10
  m_StereoSeparation: 0.022
--- !u!4 &963100707
Transform:
  m_ObjectHideFlags: 0
  m_CorrespondingSourceObject: {fileID: 0}
  m_PrefabInstance: {fileID: 0}
  m_PrefabAsset: {fileID: 0}
  m_GameObject: {fileID: 963100704}
  m_LocalRotation: {x: 0, y: 0, z: 0, w: 1}
  m_LocalPosition: {x: 0, y: 1, z: -10}
  m_LocalScale: {x: 1, y: 1, z: 1}
  m_Children: []
  m_Father: {fileID: 0}
  m_RootOrder: 0
  m_LocalEulerAnglesHint: {x: 0, y: 0, z: 0}
--- !u!1 &1137331216
GameObject:
  m_ObjectHideFlags: 0
  m_CorrespondingSourceObject: {fileID: 0}
  m_PrefabInstance: {fileID: 0}
  m_PrefabAsset: {fileID: 0}
  serializedVersion: 6
  m_Component:
  - component: {fileID: 1137331217}
  - component: {fileID: 1137331220}
  - component: {fileID: 1137331219}
  - component: {fileID: 1137331218}
  m_Layer: 0
  m_Name: GazeIcon
  m_TagString: Untagged
  m_Icon: {fileID: 0}
  m_NavMeshLayer: 0
  m_StaticEditorFlags: 0
  m_IsActive: 1
--- !u!4 &1137331217
Transform:
  m_ObjectHideFlags: 0
  m_CorrespondingSourceObject: {fileID: 0}
  m_PrefabInstance: {fileID: 0}
  m_PrefabAsset: {fileID: 0}
  m_GameObject: {fileID: 1137331216}
  m_LocalRotation: {x: 0, y: 0, z: 0, w: 1}
  m_LocalPosition: {x: 0, y: 0, z: 0}
  m_LocalScale: {x: 3, y: 3, z: 3}
  m_Children: []
  m_Father: {fileID: 352126285}
  m_RootOrder: 0
  m_LocalEulerAnglesHint: {x: 0, y: 0, z: 0}
--- !u!114 &1137331218
MonoBehaviour:
  m_ObjectHideFlags: 0
  m_CorrespondingSourceObject: {fileID: 0}
  m_PrefabInstance: {fileID: 0}
  m_PrefabAsset: {fileID: 0}
  m_GameObject: {fileID: 1137331216}
  m_Enabled: 1
  m_EditorHideFlags: 0
  m_Script: {fileID: 11500000, guid: 4444ce35d262aa648ad0c425a559b931, type: 3}
  m_Name: 
  m_EditorClassIdentifier: 
  currentOverlayType: 2
  isDynamic: 0
  isProtectedContent: 0
  srcRectLeft:
    serializedVersion: 2
    x: 0
    y: 0
    width: 0
    height: 0
  srcRectRight:
    serializedVersion: 2
    x: 0
    y: 0
    width: 0
    height: 0
  destRectLeft:
    serializedVersion: 2
    x: 0
    y: 0
    width: 0
    height: 0
  destRectRight:
    serializedVersion: 2
    x: 0
    y: 0
    width: 0
    height: 0
  overrideTextureRectMatrix: 0
  overridePerLayerColorScaleAndOffset: 0
  colorScale: {x: 1, y: 1, z: 1, w: 1}
  colorOffset: {x: 0, y: 0, z: 0, w: 0}
  isExternalSurface: 0
  externalSurfaceWidth: 0
  externalSurfaceHeight: 0
  compositionDepth: 0
  noDepthBufferTesting: 0
  currentOverlayShape: 0
  textures:
  - {fileID: 0}
  - {fileID: 0}
--- !u!23 &1137331219
MeshRenderer:
  m_ObjectHideFlags: 0
  m_CorrespondingSourceObject: {fileID: 0}
  m_PrefabInstance: {fileID: 0}
  m_PrefabAsset: {fileID: 0}
  m_GameObject: {fileID: 1137331216}
  m_Enabled: 1
  m_CastShadows: 1
  m_ReceiveShadows: 1
  m_DynamicOccludee: 1
  m_MotionVectors: 1
  m_LightProbeUsage: 1
  m_ReflectionProbeUsage: 1
  m_RenderingLayerMask: 1
  m_RendererPriority: 0
  m_Materials:
  - {fileID: 2100000, guid: 3fac3b9744290eb4c89b0e4ffd5fe085, type: 2}
  m_StaticBatchInfo:
    firstSubMesh: 0
    subMeshCount: 0
  m_StaticBatchRoot: {fileID: 0}
  m_ProbeAnchor: {fileID: 0}
  m_LightProbeVolumeOverride: {fileID: 0}
  m_ScaleInLightmap: 1
  m_PreserveUVs: 0
  m_IgnoreNormalsForChartDetection: 0
  m_ImportantGI: 0
  m_StitchLightmapSeams: 0
  m_SelectedEditorRenderState: 3
  m_MinimumChartSize: 4
  m_AutoUVMaxDistance: 0.5
  m_AutoUVMaxAngle: 89
  m_LightmapParameters: {fileID: 0}
  m_SortingLayerID: 0
  m_SortingLayer: 0
  m_SortingOrder: 0
--- !u!33 &1137331220
MeshFilter:
  m_ObjectHideFlags: 0
  m_CorrespondingSourceObject: {fileID: 0}
  m_PrefabInstance: {fileID: 0}
  m_PrefabAsset: {fileID: 0}
  m_GameObject: {fileID: 1137331216}
  m_Mesh: {fileID: 10210, guid: 0000000000000000e000000000000000, type: 0}
--- !u!1 &1162764120
GameObject:
  m_ObjectHideFlags: 0
  m_CorrespondingSourceObject: {fileID: 0}
  m_PrefabInstance: {fileID: 0}
  m_PrefabAsset: {fileID: 0}
  serializedVersion: 6
  m_Component:
  - component: {fileID: 1162764121}
  - component: {fileID: 1162764122}
  m_Layer: 0
  m_Name: GolfClubParent
  m_TagString: Untagged
  m_Icon: {fileID: 0}
  m_NavMeshLayer: 0
  m_StaticEditorFlags: 0
  m_IsActive: 1
--- !u!4 &1162764121
Transform:
  m_ObjectHideFlags: 0
  m_CorrespondingSourceObject: {fileID: 0}
  m_PrefabInstance: {fileID: 0}
  m_PrefabAsset: {fileID: 0}
  m_GameObject: {fileID: 1162764120}
  m_LocalRotation: {x: 0.49999925, y: -0.50000083, z: 0.49999925, w: 0.5000008}
  m_LocalPosition: {x: 0, y: 0, z: 0}
  m_LocalScale: {x: 1, y: 1, z: 1}
  m_Children:
  - {fileID: 1372800435}
  m_Father: {fileID: 392663910}
  m_RootOrder: 0
  m_LocalEulerAnglesHint: {x: 90.00001, y: 0, z: 90.00001}
--- !u!114 &1162764122
MonoBehaviour:
  m_ObjectHideFlags: 0
  m_CorrespondingSourceObject: {fileID: 0}
  m_PrefabInstance: {fileID: 0}
  m_PrefabAsset: {fileID: 0}
  m_GameObject: {fileID: 1162764120}
  m_Enabled: 0
  m_EditorHideFlags: 0
  m_Script: {fileID: 1742909100, guid: ed7343f30e3843b3afda8f8b02669cea, type: 3}
  m_Name: 
  m_EditorClassIdentifier: 
  m_Device: 1
  m_PoseSource: 5
  m_PoseProviderComponent: {fileID: 0}
  m_TrackingType: 0
  m_UpdateType: 0
  m_UseRelativeTransform: 1
--- !u!1 &1288156954
GameObject:
  m_ObjectHideFlags: 0
  m_CorrespondingSourceObject: {fileID: 0}
  m_PrefabInstance: {fileID: 0}
  m_PrefabAsset: {fileID: 0}
  serializedVersion: 6
  m_Component:
  - component: {fileID: 1288156958}
  - component: {fileID: 1288156957}
  - component: {fileID: 1288156956}
  - component: {fileID: 1288156955}
  m_Layer: 0
  m_Name: OVRCameraRig
  m_TagString: Untagged
  m_Icon: {fileID: 0}
  m_NavMeshLayer: 0
  m_StaticEditorFlags: 0
  m_IsActive: 1
--- !u!114 &1288156955
MonoBehaviour:
  m_ObjectHideFlags: 0
  m_CorrespondingSourceObject: {fileID: 0}
  m_PrefabInstance: {fileID: 0}
  m_PrefabAsset: {fileID: 0}
  m_GameObject: {fileID: 1288156954}
  m_Enabled: 1
  m_EditorHideFlags: 0
  m_Script: {fileID: 11500000, guid: 5178bc8574ce2bf4388e787a2e2af326, type: 3}
  m_Name: 
  m_EditorClassIdentifier: 
  opMode: 1
  resetHmdPoseOnRelease: 1
  resetHmdPoseByMiddleMouseButton: 1
  activateKeys: 3201000031010000
  pitchKeys: 3401000033010000
--- !u!114 &1288156956
MonoBehaviour:
  m_ObjectHideFlags: 0
  m_CorrespondingSourceObject: {fileID: 0}
  m_PrefabInstance: {fileID: 0}
  m_PrefabAsset: {fileID: 0}
  m_GameObject: {fileID: 1288156954}
  m_Enabled: 1
  m_EditorHideFlags: 0
  m_Script: {fileID: 11500000, guid: 7e933e81d3c20c74ea6fdc708a67e3a5, type: 3}
  m_Name: 
  m_EditorClassIdentifier: 
  queueAhead: 1
  useRecommendedMSAALevel: 0
  _monoscopic: 0
  enableAdaptiveResolution: 0
  minRenderScale: 0.7
  maxRenderScale: 1
  _headPoseRelativeOffsetRotation: {x: 0, y: 0, z: 0}
  _headPoseRelativeOffsetTranslation: {x: 0, y: 0, z: 0}
  profilerTcpPort: 32419
  expandMixedRealityCapturePropertySheet: 0
  enableMixedReality: 0
  compositionMethod: 0
  extraHiddenLayers:
    serializedVersion: 2
    m_Bits: 0
  capturingCameraDevice: 0
  flipCameraFrameHorizontally: 0
  flipCameraFrameVertically: 0
  handPoseStateLatency: 0
  sandwichCompositionRenderLatency: 0
  sandwichCompositionBufferedFrames: 8
  chromaKeyColor: {r: 0, g: 1, b: 0, a: 1}
  chromaKeySimilarity: 0.6
  chromaKeySmoothRange: 0.03
  chromaKeySpillRange: 0.06
  useDynamicLighting: 0
  depthQuality: 1
  dynamicLightingSmoothFactor: 8
  dynamicLightingDepthVariationClampingValue: 0.001
  virtualGreenScreenType: 0
  virtualGreenScreenTopY: 10
  virtualGreenScreenBottomY: -10
  virtualGreenScreenApplyDepthCulling: 0
  virtualGreenScreenDepthTolerance: 0.2
  _trackingOriginType: 0
  usePositionTracking: 1
  useRotationTracking: 1
  useIPDInPositionTracking: 1
  resetTrackerOnLoad: 0
  AllowRecenter: 1
  _reorientHMDOnControllerRecenter: 1
--- !u!114 &1288156957
MonoBehaviour:
  m_ObjectHideFlags: 0
  m_CorrespondingSourceObject: {fileID: 0}
  m_PrefabInstance: {fileID: 0}
  m_PrefabAsset: {fileID: 0}
  m_GameObject: {fileID: 1288156954}
  m_Enabled: 1
  m_EditorHideFlags: 0
  m_Script: {fileID: 11500000, guid: df9f338034892c44ebb62d97894772f1, type: 3}
  m_Name: 
  m_EditorClassIdentifier: 
  usePerEyeCameras: 0
  useFixedUpdateForTracking: 0
--- !u!4 &1288156958
Transform:
  m_ObjectHideFlags: 0
  m_CorrespondingSourceObject: {fileID: 0}
  m_PrefabInstance: {fileID: 0}
  m_PrefabAsset: {fileID: 0}
  m_GameObject: {fileID: 1288156954}
  m_LocalRotation: {x: -0.000000014901161, y: -0, z: -0, w: 1}
  m_LocalPosition: {x: 613.31006, y: 254.5, z: -687.4}
  m_LocalScale: {x: 1, y: 1, z: 1}
  m_Children:
  - {fileID: 527753294}
  m_Father: {fileID: 0}
  m_RootOrder: 3
  m_LocalEulerAnglesHint: {x: 0, y: 0, z: 0}
--- !u!1001 &1323540888
PrefabInstance:
  m_ObjectHideFlags: 0
  serializedVersion: 2
  m_Modification:
    m_TransformParent: {fileID: 1430626245}
    m_Modifications:
    - target: {fileID: 100000, guid: e0f1914fdbfd3764faeff5474c0cbe1e, type: 3}
      propertyPath: m_Name
      value: OculusGoController
      objectReference: {fileID: 0}
    - target: {fileID: 100000, guid: e0f1914fdbfd3764faeff5474c0cbe1e, type: 3}
      propertyPath: m_IsActive
      value: 0
      objectReference: {fileID: 0}
    - target: {fileID: 400000, guid: e0f1914fdbfd3764faeff5474c0cbe1e, type: 3}
      propertyPath: m_LocalPosition.x
      value: -0
      objectReference: {fileID: 0}
    - target: {fileID: 400000, guid: e0f1914fdbfd3764faeff5474c0cbe1e, type: 3}
      propertyPath: m_LocalPosition.y
      value: 0
      objectReference: {fileID: 0}
    - target: {fileID: 400000, guid: e0f1914fdbfd3764faeff5474c0cbe1e, type: 3}
      propertyPath: m_LocalPosition.z
      value: 0
      objectReference: {fileID: 0}
    - target: {fileID: 400000, guid: e0f1914fdbfd3764faeff5474c0cbe1e, type: 3}
      propertyPath: m_LocalRotation.x
      value: 6.123234e-17
      objectReference: {fileID: 0}
    - target: {fileID: 400000, guid: e0f1914fdbfd3764faeff5474c0cbe1e, type: 3}
      propertyPath: m_LocalRotation.y
      value: -0.0000000754979
      objectReference: {fileID: 0}
    - target: {fileID: 400000, guid: e0f1914fdbfd3764faeff5474c0cbe1e, type: 3}
      propertyPath: m_LocalRotation.z
      value: 6.1232336e-17
      objectReference: {fileID: 0}
    - target: {fileID: 400000, guid: e0f1914fdbfd3764faeff5474c0cbe1e, type: 3}
      propertyPath: m_LocalRotation.w
      value: 1
      objectReference: {fileID: 0}
    - target: {fileID: 400000, guid: e0f1914fdbfd3764faeff5474c0cbe1e, type: 3}
      propertyPath: m_RootOrder
      value: 1
      objectReference: {fileID: 0}
    - target: {fileID: 400000, guid: e0f1914fdbfd3764faeff5474c0cbe1e, type: 3}
      propertyPath: m_LocalEulerAnglesHint.x
      value: 0
      objectReference: {fileID: 0}
    - target: {fileID: 400000, guid: e0f1914fdbfd3764faeff5474c0cbe1e, type: 3}
      propertyPath: m_LocalEulerAnglesHint.y
      value: 0
      objectReference: {fileID: 0}
    - target: {fileID: 400000, guid: e0f1914fdbfd3764faeff5474c0cbe1e, type: 3}
      propertyPath: m_LocalEulerAnglesHint.z
      value: 0
      objectReference: {fileID: 0}
    - target: {fileID: 2300000, guid: e0f1914fdbfd3764faeff5474c0cbe1e, type: 3}
      propertyPath: m_Materials.Array.data[0]
      value: 
      objectReference: {fileID: 2100000, guid: 6c0b208d35ece4a459821be19df69561, type: 2}
    m_RemovedComponents: []
  m_SourcePrefab: {fileID: 100100000, guid: e0f1914fdbfd3764faeff5474c0cbe1e, type: 3}
--- !u!1 &1372800434 stripped
GameObject:
  m_CorrespondingSourceObject: {fileID: 6372453667995725544, guid: fc57fc11a1ea0654f8b167c3aedaf9ec,
    type: 3}
  m_PrefabInstance: {fileID: 1455265178}
  m_PrefabAsset: {fileID: 0}
--- !u!4 &1372800435 stripped
Transform:
  m_CorrespondingSourceObject: {fileID: 6372453667995562696, guid: fc57fc11a1ea0654f8b167c3aedaf9ec,
    type: 3}
  m_PrefabInstance: {fileID: 1455265178}
  m_PrefabAsset: {fileID: 0}
--- !u!65 &1372800436
BoxCollider:
  m_ObjectHideFlags: 0
  m_CorrespondingSourceObject: {fileID: 0}
  m_PrefabInstance: {fileID: 0}
  m_PrefabAsset: {fileID: 0}
  m_GameObject: {fileID: 1372800434}
  m_Material: {fileID: 0}
  m_IsTrigger: 0
  m_Enabled: 1
  serializedVersion: 2
  m_Size: {x: 0.1438739, y: 0.38346744, z: 0.2998293}
  m_Center: {x: 1.7866236, y: -0.017152175, z: -0.05224064}
--- !u!1001 &1389656635
PrefabInstance:
  m_ObjectHideFlags: 0
  serializedVersion: 2
  m_Modification:
    m_TransformParent: {fileID: 1372800435}
    m_Modifications:
    - target: {fileID: 6910700740912678379, guid: f295a81f19060aa4481cf9ff47e071b6,
        type: 3}
      propertyPath: m_Name
      value: Canvas
      objectReference: {fileID: 0}
    - target: {fileID: 6910700740912678379, guid: f295a81f19060aa4481cf9ff47e071b6,
        type: 3}
      propertyPath: m_IsActive
      value: 0
      objectReference: {fileID: 0}
    - target: {fileID: 6910700740912678383, guid: f295a81f19060aa4481cf9ff47e071b6,
        type: 3}
      propertyPath: m_LocalPosition.x
      value: 0
      objectReference: {fileID: 0}
    - target: {fileID: 6910700740912678383, guid: f295a81f19060aa4481cf9ff47e071b6,
        type: 3}
      propertyPath: m_LocalPosition.y
      value: 0
      objectReference: {fileID: 0}
    - target: {fileID: 6910700740912678383, guid: f295a81f19060aa4481cf9ff47e071b6,
        type: 3}
      propertyPath: m_LocalPosition.z
      value: -0.053
      objectReference: {fileID: 0}
    - target: {fileID: 6910700740912678383, guid: f295a81f19060aa4481cf9ff47e071b6,
        type: 3}
      propertyPath: m_LocalRotation.x
      value: -0.50000006
      objectReference: {fileID: 0}
    - target: {fileID: 6910700740912678383, guid: f295a81f19060aa4481cf9ff47e071b6,
        type: 3}
      propertyPath: m_LocalRotation.y
      value: 0.50000006
      objectReference: {fileID: 0}
    - target: {fileID: 6910700740912678383, guid: f295a81f19060aa4481cf9ff47e071b6,
        type: 3}
      propertyPath: m_LocalRotation.z
      value: -0.5
      objectReference: {fileID: 0}
    - target: {fileID: 6910700740912678383, guid: f295a81f19060aa4481cf9ff47e071b6,
        type: 3}
      propertyPath: m_LocalRotation.w
      value: 0.5
      objectReference: {fileID: 0}
    - target: {fileID: 6910700740912678383, guid: f295a81f19060aa4481cf9ff47e071b6,
        type: 3}
      propertyPath: m_RootOrder
      value: 0
      objectReference: {fileID: 0}
    - target: {fileID: 6910700740912678383, guid: f295a81f19060aa4481cf9ff47e071b6,
        type: 3}
      propertyPath: m_LocalEulerAnglesHint.x
      value: 0
      objectReference: {fileID: 0}
    - target: {fileID: 6910700740912678383, guid: f295a81f19060aa4481cf9ff47e071b6,
        type: 3}
      propertyPath: m_LocalEulerAnglesHint.y
      value: 90.00001
      objectReference: {fileID: 0}
    - target: {fileID: 6910700740912678383, guid: f295a81f19060aa4481cf9ff47e071b6,
        type: 3}
      propertyPath: m_LocalEulerAnglesHint.z
      value: -90
      objectReference: {fileID: 0}
    - target: {fileID: 6910700740912678383, guid: f295a81f19060aa4481cf9ff47e071b6,
        type: 3}
      propertyPath: m_AnchoredPosition.x
      value: 0.689
      objectReference: {fileID: 0}
    - target: {fileID: 6910700740912678383, guid: f295a81f19060aa4481cf9ff47e071b6,
        type: 3}
      propertyPath: m_AnchoredPosition.y
      value: 0.3736
      objectReference: {fileID: 0}
    - target: {fileID: 6910700740912678383, guid: f295a81f19060aa4481cf9ff47e071b6,
        type: 3}
      propertyPath: m_SizeDelta.x
      value: 1553.3235
      objectReference: {fileID: 0}
    - target: {fileID: 6910700740912678383, guid: f295a81f19060aa4481cf9ff47e071b6,
        type: 3}
      propertyPath: m_SizeDelta.y
      value: 536
      objectReference: {fileID: 0}
    - target: {fileID: 6910700740912678383, guid: f295a81f19060aa4481cf9ff47e071b6,
        type: 3}
      propertyPath: m_AnchorMin.x
      value: 0
      objectReference: {fileID: 0}
    - target: {fileID: 6910700740912678383, guid: f295a81f19060aa4481cf9ff47e071b6,
        type: 3}
      propertyPath: m_AnchorMin.y
      value: 0
      objectReference: {fileID: 0}
    - target: {fileID: 6910700740912678383, guid: f295a81f19060aa4481cf9ff47e071b6,
        type: 3}
      propertyPath: m_AnchorMax.x
      value: 0
      objectReference: {fileID: 0}
    - target: {fileID: 6910700740912678383, guid: f295a81f19060aa4481cf9ff47e071b6,
        type: 3}
      propertyPath: m_AnchorMax.y
      value: 0
      objectReference: {fileID: 0}
    - target: {fileID: 6910700740912678383, guid: f295a81f19060aa4481cf9ff47e071b6,
        type: 3}
      propertyPath: m_Pivot.x
      value: 0.5
      objectReference: {fileID: 0}
    - target: {fileID: 6910700740912678383, guid: f295a81f19060aa4481cf9ff47e071b6,
        type: 3}
      propertyPath: m_Pivot.y
      value: 0.5
      objectReference: {fileID: 0}
    m_RemovedComponents: []
  m_SourcePrefab: {fileID: 100100000, guid: f295a81f19060aa4481cf9ff47e071b6, type: 3}
--- !u!1 &1430626244
GameObject:
  m_ObjectHideFlags: 0
  m_CorrespondingSourceObject: {fileID: 0}
  m_PrefabInstance: {fileID: 0}
  m_PrefabAsset: {fileID: 0}
  serializedVersion: 6
  m_Component:
  - component: {fileID: 1430626245}
  m_Layer: 0
  m_Name: RightHandAnchor
  m_TagString: Untagged
  m_Icon: {fileID: 0}
  m_NavMeshLayer: 0
  m_StaticEditorFlags: 0
  m_IsActive: 1
--- !u!4 &1430626245
Transform:
  m_ObjectHideFlags: 0
  m_CorrespondingSourceObject: {fileID: 0}
  m_PrefabInstance: {fileID: 0}
  m_PrefabAsset: {fileID: 0}
  m_GameObject: {fileID: 1430626244}
  m_LocalRotation: {x: 0, y: 0, z: 0, w: 1}
  m_LocalPosition: {x: 0, y: 0, z: 0}
  m_LocalScale: {x: 1, y: 1, z: 1}
  m_Children:
  - {fileID: 392663910}
  - {fileID: 1433301467}
  m_Father: {fileID: 527753294}
  m_RootOrder: 5
  m_LocalEulerAnglesHint: {x: 0, y: 0, z: 0}
--- !u!4 &1433301467 stripped
Transform:
  m_CorrespondingSourceObject: {fileID: 400000, guid: e0f1914fdbfd3764faeff5474c0cbe1e,
    type: 3}
  m_PrefabInstance: {fileID: 1323540888}
  m_PrefabAsset: {fileID: 0}
--- !u!1001 &1455265178
PrefabInstance:
  m_ObjectHideFlags: 0
  serializedVersion: 2
  m_Modification:
    m_TransformParent: {fileID: 1162764121}
    m_Modifications:
    - target: {fileID: 6372453667995725544, guid: fc57fc11a1ea0654f8b167c3aedaf9ec,
        type: 3}
      propertyPath: m_Name
      value: GolfClub
      objectReference: {fileID: 0}
    - target: {fileID: 6372453667995562696, guid: fc57fc11a1ea0654f8b167c3aedaf9ec,
        type: 3}
      propertyPath: m_LocalPosition.x
      value: 0
      objectReference: {fileID: 0}
    - target: {fileID: 6372453667995562696, guid: fc57fc11a1ea0654f8b167c3aedaf9ec,
        type: 3}
      propertyPath: m_LocalPosition.y
      value: 0
      objectReference: {fileID: 0}
    - target: {fileID: 6372453667995562696, guid: fc57fc11a1ea0654f8b167c3aedaf9ec,
        type: 3}
      propertyPath: m_LocalPosition.z
      value: 0
      objectReference: {fileID: 0}
    - target: {fileID: 6372453667995562696, guid: fc57fc11a1ea0654f8b167c3aedaf9ec,
        type: 3}
      propertyPath: m_LocalRotation.x
      value: 0
      objectReference: {fileID: 0}
    - target: {fileID: 6372453667995562696, guid: fc57fc11a1ea0654f8b167c3aedaf9ec,
        type: 3}
      propertyPath: m_LocalRotation.y
      value: 0
      objectReference: {fileID: 0}
    - target: {fileID: 6372453667995562696, guid: fc57fc11a1ea0654f8b167c3aedaf9ec,
        type: 3}
      propertyPath: m_LocalRotation.z
      value: 0
      objectReference: {fileID: 0}
    - target: {fileID: 6372453667995562696, guid: fc57fc11a1ea0654f8b167c3aedaf9ec,
        type: 3}
      propertyPath: m_LocalRotation.w
      value: 1
      objectReference: {fileID: 0}
    - target: {fileID: 6372453667995562696, guid: fc57fc11a1ea0654f8b167c3aedaf9ec,
        type: 3}
      propertyPath: m_RootOrder
      value: 0
      objectReference: {fileID: 0}
    - target: {fileID: 6372453667995562696, guid: fc57fc11a1ea0654f8b167c3aedaf9ec,
        type: 3}
      propertyPath: m_LocalEulerAnglesHint.x
      value: 0
      objectReference: {fileID: 0}
    - target: {fileID: 6372453667995562696, guid: fc57fc11a1ea0654f8b167c3aedaf9ec,
        type: 3}
      propertyPath: m_LocalEulerAnglesHint.y
      value: 0
      objectReference: {fileID: 0}
    - target: {fileID: 6372453667995562696, guid: fc57fc11a1ea0654f8b167c3aedaf9ec,
        type: 3}
      propertyPath: m_LocalEulerAnglesHint.z
      value: 0
      objectReference: {fileID: 0}
    - target: {fileID: 1957978951, guid: fc57fc11a1ea0654f8b167c3aedaf9ec, type: 3}
      propertyPath: m_RootOrder
      value: 1
      objectReference: {fileID: 0}
    - target: {fileID: 1957978947, guid: fc57fc11a1ea0654f8b167c3aedaf9ec, type: 3}
      propertyPath: m_IsActive
      value: 0
      objectReference: {fileID: 0}
    - target: {fileID: 6372453667997986858, guid: fc57fc11a1ea0654f8b167c3aedaf9ec,
        type: 3}
      propertyPath: m_Materials.Array.data[1]
      value: 
      objectReference: {fileID: 0}
    - target: {fileID: 6372453667997986858, guid: fc57fc11a1ea0654f8b167c3aedaf9ec,
        type: 3}
      propertyPath: m_Materials.Array.data[0]
      value: 
      objectReference: {fileID: 0}
    - target: {fileID: 6372453667997986858, guid: fc57fc11a1ea0654f8b167c3aedaf9ec,
        type: 3}
      propertyPath: m_Materials.Array.data[2]
      value: 
      objectReference: {fileID: 2100000, guid: 7ab762e8af3de6e4686980055a431dd1, type: 2}
    - target: {fileID: 8707457736364300594, guid: fc57fc11a1ea0654f8b167c3aedaf9ec,
        type: 3}
      propertyPath: Material
      value: 0
      objectReference: {fileID: 0}
    - target: {fileID: 1065783939280501953, guid: fc57fc11a1ea0654f8b167c3aedaf9ec,
        type: 3}
      propertyPath: m_Mass
      value: 12
      objectReference: {fileID: 0}
    m_RemovedComponents:
    - {fileID: 3796327991876394215, guid: fc57fc11a1ea0654f8b167c3aedaf9ec, type: 3}
  m_SourcePrefab: {fileID: 100100000, guid: fc57fc11a1ea0654f8b167c3aedaf9ec, type: 3}
--- !u!1 &1627917703
GameObject:
  m_ObjectHideFlags: 0
  m_CorrespondingSourceObject: {fileID: 0}
  m_PrefabInstance: {fileID: 0}
  m_PrefabAsset: {fileID: 0}
  serializedVersion: 6
  m_Component:
  - component: {fileID: 1627917704}
  - component: {fileID: 1627917705}
  m_Layer: 0
  m_Name: RightEyeAnchor
  m_TagString: Untagged
  m_Icon: {fileID: 0}
  m_NavMeshLayer: 0
  m_StaticEditorFlags: 0
  m_IsActive: 1
--- !u!4 &1627917704
Transform:
  m_ObjectHideFlags: 0
  m_CorrespondingSourceObject: {fileID: 0}
  m_PrefabInstance: {fileID: 0}
  m_PrefabAsset: {fileID: 0}
  m_GameObject: {fileID: 1627917703}
  m_LocalRotation: {x: 0, y: 0, z: 0, w: 1}
  m_LocalPosition: {x: 0, y: 0, z: 0}
  m_LocalScale: {x: 1, y: 1, z: 1}
  m_Children: []
  m_Father: {fileID: 527753294}
  m_RootOrder: 2
  m_LocalEulerAnglesHint: {x: 0, y: 0, z: 0}
--- !u!20 &1627917705
Camera:
  m_ObjectHideFlags: 0
  m_CorrespondingSourceObject: {fileID: 0}
  m_PrefabInstance: {fileID: 0}
  m_PrefabAsset: {fileID: 0}
  m_GameObject: {fileID: 1627917703}
  m_Enabled: 0
  serializedVersion: 2
  m_ClearFlags: 1
  m_BackGroundColor: {r: 0.19215687, g: 0.3019608, b: 0.4745098, a: 0}
  m_projectionMatrixMode: 1
  m_SensorSize: {x: 36, y: 24}
  m_LensShift: {x: 0, y: 0}
  m_GateFitMode: 2
  m_FocalLength: 50
  m_NormalizedViewPortRect:
    serializedVersion: 2
    x: 0
    y: 0
    width: 1
    height: 1
  near clip plane: 0.3
  far clip plane: 1000
  field of view: 60
  orthographic: 0
  orthographic size: 5
  m_Depth: 0
  m_CullingMask:
    serializedVersion: 2
    m_Bits: 4294967295
  m_RenderingPath: -1
  m_TargetTexture: {fileID: 0}
  m_TargetDisplay: 0
  m_TargetEye: 2
  m_HDR: 0
  m_AllowMSAA: 1
  m_AllowDynamicResolution: 0
  m_ForceIntoRT: 0
  m_OcclusionCulling: 1
  m_StereoConvergence: 10
  m_StereoSeparation: 0.022
--- !u!1 &1770291891
GameObject:
  m_ObjectHideFlags: 0
  m_CorrespondingSourceObject: {fileID: 0}
  m_PrefabInstance: {fileID: 0}
  m_PrefabAsset: {fileID: 0}
  serializedVersion: 6
  m_Component:
  - component: {fileID: 1770291893}
  - component: {fileID: 1770291892}
  m_Layer: 0
  m_Name: AIE_Colour_Logo
  m_TagString: Untagged
  m_Icon: {fileID: 0}
  m_NavMeshLayer: 0
  m_StaticEditorFlags: 0
  m_IsActive: 1
--- !u!212 &1770291892
SpriteRenderer:
  m_ObjectHideFlags: 0
  m_CorrespondingSourceObject: {fileID: 0}
  m_PrefabInstance: {fileID: 0}
  m_PrefabAsset: {fileID: 0}
  m_GameObject: {fileID: 1770291891}
  m_Enabled: 1
  m_CastShadows: 0
  m_ReceiveShadows: 0
  m_DynamicOccludee: 1
  m_MotionVectors: 1
  m_LightProbeUsage: 1
  m_ReflectionProbeUsage: 1
  m_RenderingLayerMask: 1
  m_RendererPriority: 0
  m_Materials:
  - {fileID: 10754, guid: 0000000000000000f000000000000000, type: 0}
  m_StaticBatchInfo:
    firstSubMesh: 0
    subMeshCount: 0
  m_StaticBatchRoot: {fileID: 0}
  m_ProbeAnchor: {fileID: 0}
  m_LightProbeVolumeOverride: {fileID: 0}
  m_ScaleInLightmap: 1
  m_PreserveUVs: 0
  m_IgnoreNormalsForChartDetection: 0
  m_ImportantGI: 0
  m_StitchLightmapSeams: 0
  m_SelectedEditorRenderState: 0
  m_MinimumChartSize: 4
  m_AutoUVMaxDistance: 0.5
  m_AutoUVMaxAngle: 89
  m_LightmapParameters: {fileID: 0}
  m_SortingLayerID: 0
  m_SortingLayer: 0
  m_SortingOrder: 0
  m_Sprite: {fileID: 21300000, guid: ef8c2f0d872377c4ca9f07168936fb70, type: 3}
  m_Color: {r: 1, g: 1, b: 1, a: 1}
  m_FlipX: 0
  m_FlipY: 0
  m_DrawMode: 0
  m_Size: {x: 5.5, y: 5.5}
  m_AdaptiveModeThreshold: 0.5
  m_SpriteTileMode: 0
  m_WasSpriteAssigned: 1
  m_MaskInteraction: 0
  m_SpriteSortPoint: 0
--- !u!4 &1770291893
Transform:
  m_ObjectHideFlags: 0
  m_CorrespondingSourceObject: {fileID: 0}
  m_PrefabInstance: {fileID: 0}
  m_PrefabAsset: {fileID: 0}
  m_GameObject: {fileID: 1770291891}
  m_LocalRotation: {x: 0, y: 1, z: 0, w: 0}
  m_LocalPosition: {x: 625, y: 297.1, z: -1241}
  m_LocalScale: {x: 50, y: 50, z: 50}
  m_Children: []
  m_Father: {fileID: 0}
  m_RootOrder: 5
  m_LocalEulerAnglesHint: {x: 0, y: 180, z: 0}
--- !u!1 &1811647376
GameObject:
  m_ObjectHideFlags: 0
  m_CorrespondingSourceObject: {fileID: 0}
  m_PrefabInstance: {fileID: 0}
  m_PrefabAsset: {fileID: 0}
  serializedVersion: 6
  m_Component:
  - component: {fileID: 1811647377}
  - component: {fileID: 1811647378}
  m_Layer: 0
  m_Name: LeftEyeAnchor
  m_TagString: MainCamera
  m_Icon: {fileID: 0}
  m_NavMeshLayer: 0
  m_StaticEditorFlags: 0
  m_IsActive: 1
--- !u!4 &1811647377
Transform:
  m_ObjectHideFlags: 0
  m_CorrespondingSourceObject: {fileID: 0}
  m_PrefabInstance: {fileID: 0}
  m_PrefabAsset: {fileID: 0}
  m_GameObject: {fileID: 1811647376}
  m_LocalRotation: {x: 0, y: 0, z: 0, w: 1}
  m_LocalPosition: {x: 0, y: 0, z: 0}
  m_LocalScale: {x: 1, y: 1, z: 1}
  m_Children: []
  m_Father: {fileID: 527753294}
  m_RootOrder: 0
  m_LocalEulerAnglesHint: {x: 0, y: 0, z: 0}
--- !u!20 &1811647378
Camera:
  m_ObjectHideFlags: 0
  m_CorrespondingSourceObject: {fileID: 0}
  m_PrefabInstance: {fileID: 0}
  m_PrefabAsset: {fileID: 0}
  m_GameObject: {fileID: 1811647376}
  m_Enabled: 0
  serializedVersion: 2
  m_ClearFlags: 1
  m_BackGroundColor: {r: 0.19215687, g: 0.3019608, b: 0.4745098, a: 0}
  m_projectionMatrixMode: 1
  m_SensorSize: {x: 36, y: 24}
  m_LensShift: {x: 0, y: 0}
  m_GateFitMode: 2
  m_FocalLength: 50
  m_NormalizedViewPortRect:
    serializedVersion: 2
    x: 0
    y: 0
    width: 1
    height: 1
  near clip plane: 0.3
  far clip plane: 1000
  field of view: 60
  orthographic: 0
  orthographic size: 5
  m_Depth: 0
  m_CullingMask:
    serializedVersion: 2
    m_Bits: 4294967295
  m_RenderingPath: -1
  m_TargetTexture: {fileID: 0}
  m_TargetDisplay: 0
  m_TargetEye: 1
  m_HDR: 0
  m_AllowMSAA: 1
  m_AllowDynamicResolution: 0
  m_ForceIntoRT: 0
  m_OcclusionCulling: 1
  m_StereoConvergence: 10
  m_StereoSeparation: 0.022
